@misc{vaswani2017attention,
  author       = {Vaswani, Ashish and Shazeer, Noam and Parmar, Niki and et al.},
  title        = {Attention is all you need},
  howpublished = {arXiv preprint arXiv:1706.03762},
  year         = {2017},
}

@misc{goodfellow2014generative,
  author       = {Goodfellow, Ian and Pouget-Abadie, Jean and Mirza, Mehdi and et al.},
  title        = {Generative adversarial nets},
  howpublished = {Proceedings of NIPS},
  year         = {2014},
}

@book{goodfellow2016deep,
  author       = {Goodfellow, Ian and Bengio, Yoshua and Courville, Aaron},
  title        = {Deep Learning},
  publisher    = {MIT Press},
  year         = {2016},
}

@book{sutton2018reinforcement,
  author       = {Sutton, Richard S. and Barto, Andrew G.},
  title        = {Reinforcement Learning: An Introduction},
  publisher    = {MIT Press},
  year         = {2018},
}
